@article{wolff2013local,
  title={Local thresholding in general network graphs},
  author={Wolff, Ran},
  journal={IEEE Transactions on Knowledge and Data Engineering},
  volume={26},
  number={4},
  pages={916--928},
  year={2013},
  publisher={IEEE}
}

@article{piatkowskidistributed,
  title={Distributed Generative Modelling with Sub-Linear Communication Overhead},
  author={Piatkowski, Nico},
  year={2019}
}


@inproceedings{kamp2017effective,
  title={Effective parallelisation for machine learning},
  author={Kamp, Michael and Boley, Mario and Missura, Olana and G{\"a}rtner, Thomas},
  booktitle={Advances in Neural Information Processing Systems},
  pages={6477--6488},
  year={2017}
}

@article{dognin2019wasserstein,
  title={Wasserstein Barycenter Model Ensembling},
  author={Dognin, Pierre and Melnyk, Igor and Mroueh, Youssef and Ross, Jerret and Santos, Cicero Dos and Sercu, Tom},
  journal={arXiv preprint arXiv:1902.04999},
  year={2019}
}

@InProceedings{gabriel04:_open_mpi,
  author       = {Edgar Gabriel and Graham E. Fagg and George Bosilca
                  and Thara Angskun and Jack J. Dongarra and Jeffrey
                  M. Squyres and Vishal Sahay and Prabhanjan Kambadur
                  and Brian Barrett and Andrew Lumsdaine and Ralph
                  H. Castain and David J. Daniel and Richard L. Graham
                  and Timothy S. Woodall },
  title        = {Open {MPI}: Goals, Concept, and Design of a Next
                  Generation {MPI} Implementation},
  booktitle    = {Proceedings, 11th European PVM/MPI Users' Group
                  Meeting},
  year         = 2004,
  address      = {Budapest, Hungary},
  pages        = {97--104},
  month        = {September}
} 

@article{keren2011shape,
  title={Shape sensitive geometric monitoring},
  author={Keren, Daniel and Sharfman, Izchak and Schuster, Assaf and Livne, Avishay},
  journal={IEEE Transactions on Knowledge and Data Engineering},
  volume={24},
  number={8},
  pages={1520--1535},
  year={2011},
  publisher={IEEE}
}

@article{sharfman2007geometric,
  title={A geometric approach to monitoring threshold functions over distributed data streams},
  author={Sharfman, Izchak and Schuster, Assaf and Keren, Daniel},
  journal={ACM Transactions on Database Systems (TODS)},
  volume={32},
  number={4},
  pages={23},
  year={2007},
  publisher={ACM}
}

@article{sagy2010distributed,
  title={Distributed threshold querying of general functions by a difference of monotonic representation},
  author={Sagy, Guy and Keren, Daniel and Sharfman, Izchak and Schuster, Assaf},
  journal={Proceedings of the VLDB Endowment},
  volume={4},
  number={2},
  pages={46--57},
  year={2010},
  publisher={VLDB Endowment}
}


@inproceedings{panousopoulou2017distributed,
  title={A distributed learning architecture for big imaging problems in astrophysics},
  author={Panousopoulou, Athanasia and Farrens, Sammuel and Mastorakis, Yannis and Starck, Jean-Luck and Tsakailides, Panagiotis},
  booktitle={2017 25th European Signal Processing Conference (EUSIPCO)},
  pages={1440--1444},
  year={2017},
  organization={IEEE}
}
@article{deist2017infrastructure,
  title={Infrastructure and distributed learning methodology for privacy-preserving multi-centric rapid learning health care: euroCAT},
  author={Deist, Timo M and Jochems, Arthur and van Soest, Johan and Nalbantov, Georgi and Oberije, Cary and Walsh, Se{\'a}n and Eble, Michael and Bulens, Paul and Coucke, Philippe and Dries, Wim and others},
  journal={Clinical and translational radiation oncology},
  volume={4},
  pages={24--31},
  year={2017},
  publisher={Elsevier}
}

@article{kreitlein2015green,
  title={Green Factories Bavaria: A Network of Distributed Learning Factories for Energy Efficient Production},
  author={Kreitlein, S and H{\"o}ft, A and Schwender, S and Franke, J},
  journal={Procedia CIRP},
  volume={32},
  pages={58--63},
  year={2015},
  publisher={Elsevier}
}
