@article{neuman2003maximum,
  title={Maximum likelihood Bayesian averaging of uncertain model predictions},
  author={Neuman, Shlomo P},
  journal={Stochastic Environmental Research and Risk Assessment},
  volume={17},
  number={5},
  pages={291--305},
  year={2003},
  publisher={Springer}
}
@inproceedings{piatkowski2019distributed,
  title={Distributed Generative Modelling with Sub-linear Communication Overhead},
  author={Piatkowski, Nico},
  booktitle={Joint European Conference on Machine Learning and Knowledge Discovery in Databases},
  pages={281--292},
  year={2019},
  organization={Springer}
}
@phdthesis{piatkowski2018exponential,
  title={Exponential families on resource-constrained systems},
  author={Piatkowski, Nico Philipp},
  year={2018}
}
@incollection{kamp2017effective,
title = {Effective Parallelisation for Machine Learning},
author = {Kamp, Michael and Boley, Mario and Missura, Olana and G\"{a}rtner, Thomas},
booktitle = {Advances in Neural Information Processing Systems 30},
editor = {I. Guyon and U. V. Luxburg and S. Bengio and H. Wallach and R. Fergus and S. Vishwanathan and R. Garnett},
pages = {6477--6488},
year = {2017},
publisher = {Curran Associates, Inc.},
url = {http://papers.nips.cc/paper/7226-effective-parallelisation-for-machine-learning.pdf}
}
@inproceedings{han2016bootstrap,
  title={Bootstrap model aggregation for distributed statistical learning},
  author={Han, Jun and Liu, Qiang},
  booktitle={Advances in Neural Information Processing Systems},
  pages={1795--1803},
  year={2016}
}
@article{anastasiou2017bounds,
  title={Bounds for the normal approximation of the maximum likelihood estimator},
  author={Anastasiou, Andreas and Reinert, Gesine and others},
  journal={Bernoulli},
  volume={23},
  number={1},
  pages={191--218},
  year={2017},
  publisher={Bernoulli Society for Mathematical Statistics and Probability}
}

@article{keren2011shape,
  title={Shape sensitive geometric monitoring},
  author={Keren, Daniel and Sharfman, Izchak and Schuster, Assaf and Livne, Avishay},
  journal={IEEE Transactions on Knowledge and Data Engineering},
  volume={24},
  number={8},
  pages={1520--1535},
  year={2011},
  publisher={IEEE}
}

@article{sharfman2007geometric,
  title={A geometric approach to monitoring threshold functions over distributed data streams},
  author={Sharfman, Izchak and Schuster, Assaf and Keren, Daniel},
  journal={ACM Transactions on Database Systems (TODS)},
  volume={32},
  number={4},
  pages={23},
  year={2007},
  publisher={ACM}
}

@article{sagy2010distributed,
  title={Distributed threshold querying of general functions by a difference of monotonic representation},
  author={Sagy, Guy and Keren, Daniel and Sharfman, Izchak and Schuster, Assaf},
  journal={Proceedings of the VLDB Endowment},
  volume={4},
  number={2},
  pages={46--57},
  year={2010},
  publisher={VLDB Endowment}
}


@inproceedings{panousopoulou2017distributed,
  title={A distributed learning architecture for big imaging problems in astrophysics},
  author={Panousopoulou, Athanasia and Farrens, Sammuel and Mastorakis, Yannis and Starck, Jean-Luck and Tsakailides, Panagiotis},
  booktitle={2017 25th European Signal Processing Conference (EUSIPCO)},
  pages={1440--1444},
  year={2017},
  organization={IEEE}
}
@article{deist2017infrastructure,
  title={Infrastructure and distributed learning methodology for privacy-preserving multi-centric rapid learning health care: euroCAT},
  author={Deist, Timo M and Jochems, Arthur and van Soest, Johan and Nalbantov, Georgi and Oberije, Cary and Walsh, Se{\'a}n and Eble, Michael and Bulens, Paul and Coucke, Philippe and Dries, Wim and others},
  journal={Clinical and translational radiation oncology},
  volume={4},
  pages={24--31},
  year={2017},
  publisher={Elsevier}
}

@article{kreitlein2015green,
  title={Green Factories Bavaria: A Network of Distributed Learning Factories for Energy Efficient Production},
  author={Kreitlein, S and H{\"o}ft, A and Schwender, S and Franke, J},
  journal={Procedia CIRP},
  volume={32},
  pages={58--63},
  year={2015},
  publisher={Elsevier}
}

@article{hoeting1999bayesian,
  title={Bayesian model averaging: a tutorial},
  author={Hoeting, Jennifer A and Madigan, David and Raftery, Adrian E and Volinsky, Chris T},
  journal={Statistical science},
  pages={382--401},
  year={1999},
  publisher={JSTOR}
}

@article{mcmahan2016communication,
  title={Communication-efficient learning of deep networks from decentralized data},
  author={McMahan, H Brendan and Moore, Eider and Ramage, Daniel and Hampson, Seth and others},
  journal={arXiv preprint arXiv:1602.05629},
  year={2016}
}

@article{dognin2019wasserstein,
  title={Wasserstein Barycenter Model Ensembling},
  author={Dognin, Pierre and Melnyk, Igor and Mroueh, Youssef and Ross, Jerret and Santos, Cicero Dos and Sercu, Tom},
  journal={arXiv preprint arXiv:1902.04999},
  year={2019}
}
@article{wolff2013local,
  title={Local thresholding in general network graphs},
  author={Wolff, Ran},
  journal={IEEE Transactions on Knowledge and Data Engineering},
  volume={26},
  number={4},
  pages={916--928},
  year={2013},
  publisher={IEEE}
}

@article{sharma2010betterbounds,
author = {Sharma, Rajesh and Gupta, Madhu and KAPOOR, G.},
year = {2010},
month = {01},
pages = {},
title = {Some better bounds on the variance with applications},
volume = {4},
journal = {Journal of Mathematical Inequalities},
doi = {10.7153/jmi-04-32}
}

@article{popoviciu1935equations,
  title={Sur les {\'e}quations alg{\'e}briques ayant toutes leurs racines r{\'e}elles},
  author={Popoviciu, Tiberiu},
  journal={Mathematica},
  volume={9},
  pages={129--145},
  year={1935}
}

@article{radon1921mengen,
  title={Mengen konvexer K{\"o}rper, die einen gemeinsamen Punkt enthalten},
  author={Radon, Johann},
  journal={Mathematische Annalen},
  volume={83},
  number={1-2},
  pages={113--115},
  year={1921},
  publisher={Springer}
}

@article{peterson1972geometry,
 ISSN = {00029890, 19300972},
 URL = {http://www.jstor.org/stable/2318065},
 author = {B. B. Peterson},
 journal = {The American Mathematical Monthly},
 number = {9},
 pages = {949--963},
 publisher = {Mathematical Association of America},
 title = {The Geometry of Radon's Theorem},
 volume = {79},
 year = {1972}
}

@article{wainwright2008graphical,
  title={Graphical models, exponential families, and variational inference},
  author={Wainwright, Martin J and Jordan, Michael I and others},
  journal={Foundations and Trends{\textregistered} in Machine Learning},
  volume={1},
  number={1--2},
  pages={1--305},
  year={2008},
  publisher={Now Publishers, Inc.}
}

@book{pearl1982reverend,
  title={Reverend Bayes on inference engines: A distributed hierarchical approach},
  author={Pearl, Judea},
  year={1982},
  publisher={Cognitive Systems Laboratory, School of Engineering and Applied Science~â€¦}
}

@inproceedings{kim1983computational,
  title={A computational model for causal and diagnostic reasoning in inference systems},
  author={Kim, JinHyung and Pearl, Judea},
  booktitle={International Joint Conference on Artificial Intelligence},
  pages={0--0},
  year={1983}
}

@article{murphy2013loopy,
  title={Loopy belief propagation for approximate inference: An empirical study},
  author={Murphy, Kevin and Weiss, Yair and Jordan, Michael I},
  journal={arXiv preprint arXiv:1301.6725},
  year={2013}
}

@article{berk1972consistency,
  title={Consistency and asymptotic normality of MLE's for exponential models},
  author={Berk, Robert H},
  journal={The Annals of Mathematical Statistics},
  pages={193--204},
  year={1972},
  publisher={JSTOR}
}

@inproceedings{narayanan2008robust,
  title={Robust de-anonymization of large sparse datasets},
  author={Narayanan, Arvind and Shmatikov, Vitaly},
  booktitle={2008 IEEE Symposium on Security and Privacy (sp 2008)},
  pages={111--125},
  year={2008},
  organization={IEEE}
}

@article{gambs2014anonymization,
  title={De-anonymization attack on geolocated data},
  author={Gambs, S{\'e}bastien and Killijian, Marc-Olivier and del Prado Cortez, Miguel N{\'u}{\~n}ez},
  journal={Journal of Computer and System Sciences},
  volume={80},
  number={8},
  pages={1597--1614},
  year={2014},
  publisher={Elsevier}
}

@article{nordrum2017ieee,
  title={IEEE Spectrum Staff. Everything you need to know about 5g},
  author={Nordrum, Amy and Clark, Kristen},
  journal={IEEE Spectrum},
  year={2017}
}

@article{yildirim2012bayesian,
  title={Bayesian inference: Gibbs sampling},
  author={Yildirim, Ilker},
  journal={Technical Note, University of Rochester},
  year={2012}
}

@inproceedings{papandreou2011perturb,
  title={Perturb-and-map random fields: Using discrete optimization to learn and sample from energy models},
  author={Papandreou, George and Yuille, Alan L},
  booktitle={2011 International Conference on Computer Vision},
  pages={193--200},
  year={2011},
  organization={IEEE}
}

@book{casella2002statistical,
  title={Statistical inference},
  author={Casella, George and Berger, Roger L},
  volume={2},
  year={2002},
  pages={240-245},
  publisher={Duxbury Pacific Grove, CA}
}

@article{chow1968approximating,
  title={Approximating discrete probability distributions with dependence trees},
  author={Chow, C and Liu, Cong},
  journal={IEEE transactions on Information Theory},
  volume={14},
  number={3},
  pages={462--467},
  year={1968},
  publisher={IEEE}
}